@article{mckiernan2016open,
  title={How open science helps researchers succeed},
  author={McKiernan, Erin C and Bourne, Philip E and Brown, C Titus and Buck, Stuart and Kenall, Amye and Lin, Jennifer and McDougall, Damon and Nosek, Brian A and Ram, Karthik and Soderberg, Courtney K and others},
  journal={eLife},
  volume={5},
  pages={e16800},
  year={2016},
  publisher={eLife Sciences Publications Limited}
}

@article{jacob2002weigh,
  title={Weigh-in-Motion of Road Vehicles: Final Report of the COST 323 Action},
  author={Jacob, Bernard and OBrien, EJ and Jehaes, S},
  journal={Laboratoire Central des Ponts et Chauss{\'e}es Publications, Paris},
  year={2002}
}

@article{toby2015practices,
  title={Practices and Standards for Data and Processing at the APS},
  author={Toby, Brian H and G{\"u}rsoy, Do{\u{g}}a and De Carlo, Francesco and Schwarz, Nicholas and Sharma, Hemant and Jacobsen, Chris J},
  journal={Synchrotron Radiation News},
  volume={28},
  number={2},
  pages={15--21},
  year={2015},
  publisher={Taylor \& Francis}
}